2950 4900
460 1187 551 1249 De
591 1184 940 1270 rhythmica
989 1185 1379 1246 Graecorum
1425 1190 1564 1245 arte
1589 1202 1785 1266 quum
1819 1201 1944 1242 non
1978 1179 2308 1242 mediocris
2333 1202 2477 1244 sane

297 1296 653 1357 etiamnunc
702 1295 868 1356 inter
909 1294 1076 1355 viros
1122 1291 1338 1354 doctos
1376 1292 1582 1374 vigeat
1624 1289 1933 1368 dissensio,
1985 1311 2320 1353 recurrere
2362 1291 2476 1353 ite-

298 1427 437 1465 rum
481 1409 837 1486 iterumque
878 1403 957 1463 ad
1004 1402 1390 1485 gravissimos
1440 1411 1500 1461 et
1547 1400 1908 1482 purissimos
1951 1399 2130 1461 huius
2157 1400 2481 1462 doctrinae

294 1515 492 1576 fontes
535 1534 767 1597 eosque
812 1511 1141 1574 exhaurire
1183 1533 1371 1596 quum
1404 1508 1884 1593 diligentissime,
1924 1530 2060 1571 meo
2089 1510 2341 1593 quidem
2374 1510 2465 1571 iu.

295 1623 461 1684 dicio
506 1623 768 1685 maxime
812 1631 901 1684 est
944 1620 1371 1701 necessarium,
1436 1619 1806 1701 praesertim
1849 1641 2043 1702 quum
2088 1618 2327 1682 diversa
2377 1620 2477 1681 illa

291 1743 480 1817 atque
528 1732 682 1795 adeo
726 1708 1050 1794 contraria
1098 1731 1379 1791 virorum
1420 1729 1760 1790 doctorum
1789 1728 1864 1790 de
1896 1729 2077 1791 rebus
2108 1730 2473 1814 rhythmicis

293 1842 545 1905 decreta
579 1843 642 1902 in
688 1842 937 1903 summis
982 1840 1244 1902 maxime
1293 1848 1621 1905 versentur
1660 1838 2004 1920 principiis,
2045 1862 2079 1900 e
2119 1840 2342 1922 quibus
2375 1861 2474 1902 re-

288 1949 455 2032 liqua
498 1948 806 2033 pendeant
872 1948 1098 2011 omnia.
1182 1946 1436 2008 Eminet
1489 1957 1696 2008 autem
1754 1944 2047 2030 lucetque
2102 1969 2257 2010 unus
2309 1950 2474 2011 inter

293 2079 504 2119 omnes
546 2078 818 2141 quorum
863 2058 1097 2140 scripta
1144 2056 1321 2118 nobis
1362 2065 1606 2118 servata
1635 2064 1780 2117 sunt
1809 2066 2089 2119 veterum
2128 2058 2205 2120 de
2246 2058 2480 2143 rhyth-

291 2168 449 2228 mica
497 2179 633 2231 arte
673 2168 1010 2250 scriptores
1057 2178 1120 2229 et
1179 2175 1380 2229 aetate
1422 2174 1487 2228 et
1544 2166 1952 2244 auctoritate,
2013 2168 2249 2251 quippe
2298 2191 2484 2254 quem

291 2279 423 2361 ipsa
471 2278 808 2361 antiquitas
847 2300 1153 2341 summum
1195 2299 1437 2360 semper
1462 2277 1725 2339 haberet
1765 2278 1984 2339 harum
2018 2299 2225 2341 rerum
2257 2291 2479 2341 aucto..

291 2410 445 2467 rem,
494 2389 891 2451 Aristoxenus
941 2391 1226 2451 musicus.
1286 2388 1413 2466 Qui
1446 2409 1607 2472 quae
1643 2386 1837 2449 literis
1880 2386 2143 2451 tradidit
2169 2398 2474 2469 sexcenta,

289 2508 361 2560 ut
408 2498 493 2559 ita
536 2497 757 2579 dicam,
799 2497 1061 2581 scripta,
1108 2520 1179 2559 ea
1221 2496 1502 2579 abripuit
1549 2496 1801 2579 quidem
1847 2498 2022 2559 nobis
2049 2497 2275 2560 iniuria
2317 2510 2474 2562 tem-

289 2628 517 2690 porum
563 2629 762 2690 paene
809 2608 1041 2685 omnia,
1090 2606 1174 2668 ita
1221 2607 1500 2690 quidem,
1551 2614 1622 2666 ut
1667 2605 2165 2690 rhythmicorum
2211 2631 2474 2693 operum

291 2718 445 2779 nihil
484 2718 596 2779 nisi
642 2738 839 2801 panca
888 2717 1065 2779 nobis
1093 2718 1464 2779 concesserit
1503 2714 1669 2793 folia,
1719 2725 1783 2777 at
1827 2716 1930 2778 illa
1979 2718 2105 2800 ipsa
2151 2718 2480 2785 doctrinae

294 2827 683 2911 rhythmicae
726 2827 1029 2890 elementa
1071 2826 1479 2904 illustrantia,
1539 2850 1573 2888 e
1619 2846 1893 2909 quorum
1941 2830 2118 2890 vario
2164 2852 2238 2892 ac
2282 2834 2479 2894 vacil-

289 2939 456 2999 lante
507 2937 826 3000 intellectu
874 2937 995 2999 dici
1041 2958 1165 2999 non
1206 2945 1414 3021 potest
1454 2943 1722 3021 quantus
1767 2940 2155 3002 succreverit
2185 2963 2477 3006 errorum

291 3069 603 3109 numerus.
675 3049 892 3131 Itaque
936 3047 1115 3109 huius
1160 3045 1362 3108 eximii
1391 3048 1662 3108 auctoris
1697 3069 1858 3130 quae
1888 3061 2221 3131 supersunt
2253 3049 2477 3135 rhyth-

289 3157 452 3218 mica
498 3158 873 3241 fragmenta,
941 3180 976 3217 a
1023 3157 1367 3219 Feussuero
1427 3156 1573 3217 licet
1624 3167 1767 3238 post
1827 3157 2101 3240 primum
2166 3160 2475 3225 editorem

284 3274 537 3329 strenue
581 3274 645 3328 et
683 3266 1008 3328 emendata
1052 3276 1115 3327 et
1159 3266 1483 3349 explicata,
1527 3265 1732 3329 denuo
1762 3268 2119 3331 recensendi
2166 3280 2230 3333 et
2276 3272 2474 3336 inter-

288 3376 585 3459 pretandi
633 3375 978 3458 periculum
1025 3396 1145 3436 non
1204 3396 1735 3457 supervacaneum
1778 3377 1930 3438 mihi
1977 3379 2175 3442 visum
2221 3391 2311 3443 est
2347 3405 2478 3445 sus-

289 3486 524 3567 cipere.
612 3490 700 3547 Ac
739 3486 1013 3568 primum
1056 3485 1119 3545 in
1168 3484 1308 3568 ipsis
1355 3485 1698 3548 Aristoxeni
1743 3488 1943 3549 verbis
1975 3512 2135 3572 quae
2166 3489 2476 3557 Feussneri

290 3616 445 3656 eura
498 3594 840 3678 reliquerat
885 3593 1275 3677 corrigenda,
1318 3604 1576 3656 conatus
1632 3616 1767 3657 sum
1823 3596 2184 3673 emendare;
2241 3611 2475 3667 restare

286 3705 449 3766 enim
494 3703 872 3766 videbantur
930 3685 1121 3766 etiam
1183 3703 1502 3787 graviores
1559 3703 1659 3765 hic
1703 3704 1824 3767 illic
1881 3728 2150 3770 errores,
2234 3713 2477 3777 Deinde

286 3813 804 3876 commentarium
848 3823 1156 3896 perpetua
1200 3813 1540 3897 conscripsi
1586 3816 1900 3894 oratione,
1954 3818 2015 3878 in
2060 3821 2187 3903 quo
2228 3841 2477 3906 propo-

281 3923 471 3986 situm
514 3923 664 3985 mihi
707 3923 821 3984 fuit
866 3932 929 3984 et
973 3924 1327 3986 Aristoxeni
1371 3924 1708 3988 sententias
1753 3928 2051 3992 continue
2083 3940 2145 3992 et
2182 3946 2476 3998 accurate

283 4033 633 4114 enucleare,
696 4041 759 4094 et
798 4032 847 4093 si
892 4054 1016 4116 qua
1058 4034 1120 4093 in
1166 4032 1284 4094 alio
1339 4043 1620 4096 veterum
1666 4034 1745 4097 de
1783 4034 2094 4099 doctrina·
2121 4040 2475 4125 rhythmica

278 4139 593 4222 scriptore
633 4139 1001 4223 legebantur
1041 4140 1116 4202 ad
1165 4141 1325 4203 idem
1369 4155 1803 4222 argumentum
1836 4145 2171 4227 tendentia,
2216 4172 2471 4237 compa..

281 4270 448 4327 rare,
487 4270 520 4308 a
555 4246 937 4333 mendisque,
964 4249 1068 4311 ubi
1104 4262 1402 4334 corrupta
1439 4250 1826 4331 videbantur,
1871 4277 2159 4340 purgare,
2203 4260 2468 4347 denique

280 4381 446 4449 quae
471 4359 662 4424 hodie
697 4359 761 4422 iu
791 4363 1041 4426 summis
1083 4361 1412 4427 doctrinae
1455 4364 1848 4450 rhythmicae
1885 4368 2303 4452 scriptoribus
2344 4376 2468 4437 sin-

2029 4491 2061 4556 1
