2950 4900
1308 342 1777 414 ,—2s-÷-

476 539 648 588 ronse
708 514 776 589 ἓν
813 506 865 611 ᾧ
906 520 982 607 δὴ
1024 522 1269 612 χρόνῳ,
1345 524 1578 610 inquit,
1639 521 1798 606 μήτε
1852 506 1967 585 δύο
2022 516 2302 607 φθόγγοι
2362 518 2663 585 δύνανται

472 630 747 711 τεθῆναι
790 632 950 694 κατὰ
994 633 1236 715 μηδένα
1280 629 1541 715 τρόπον,
1593 631 1755 715 μήτε
1801 632 1916 694 δύο
1963 628 2292 711 ξυλλαβαί,
2334 626 2495 713 μήτε
2546 627 2659 692 δύο

472 745 723 821 σημεῖα.
824 739 1051 801 Psellus
1109 740 1389 802 ordinem
1448 739 1948 802 transscribendo
1993 741 2271 802 'invertit
2332 743 2533 816 (Caes.
2596 761 2657 822 p.

473 845 694 921 623.)=
756 848 1242 931 διαιρεθήσεται
1301 852 1370 915 δὲ
1411 847 1446 912 o‘
1493 845 1717 936 χρόνος
1763 899 1777 914 .
1824 897 1840 916 .
1885 897 1900 913 .
1937 874 1958 914 ·.
2006 849 2127 913 ὑπό
2184 851 2295 934 τῆς
2358 850 2657 934 κινήσεως

469 964 601 1030 τοῖς
649 978 715 1020 τε
758 957 1044 1040 σχήμασι
1088 959 1198 1022 καί
1237 967 1363 1033 τοῖς
1409 962 1746 1045 σημείοις,

640 1068 816 1146 Quae
860 1067 1007 1130 huic
1055 1070 1400 1133 Aristoxeni
1466 1072 1603 1133 ioco
1660 1071 1974 1134 subiacent
2035 1074 2179 1153 τριά
2242 1069 2367 1135 τῶν
2416 1065 2662 1155 ῥυθμι-

473 1173 750 1256 ζομένων
789 1179 971 1262 γένη,
1043 1201 1108 1240 ea
1171 1182 1335 1264 apud
1407 1184 1677 1245 Graecos
1723 1204 1791 1243 re
1840 1204 1981 1243 vera
2027 1183 2360 1243 coniuncta
2413 1158 2675 1243 fuerun’t.

474 1283 536 1345 in
582 1285 755 1348 omni
798 1286 1050 1350 chorica
1099 1291 1268 1371 poe’si
1317 1301 1448 1353 tum
1476 1280 1692 1376 'lyrica
1742 1299 1871 1351 tum
1916 1295 2183 1373 scenica,
2230 1301 2292 1354 et
2343 1294 2403 1352 in
2449 1293 2660 1374 singu-

478 1393 687 1491 lorum
733 1404 940 1476 cantu,
982 1390 1047 1459 ut
1092 1397 1159 1461 έν
1197 1406 1327 1471 τοῖς
1369 1395 1492 1465 α’πό
1543 1402 1799 1483 σκηνῆςε
1844 1400 2067 1463 scilicet
2119 1401 2301 1485 λέξις,
2327 1400 2535 1480 μέλος,
2565 1382 2663 1471 κί-

474 1524 642 1587 νηςις
684 1502 1028 1589 σωματικὴ.
1095 1511 1326 1593 „Quae
1370 1519 1592 1573 cuncta
1631 1510 1869 1586 socia“,
1918 1519 1986 1569 ut
2031 1512 2370 1573 Martianus
2415 1501 2664 1595 Capella

475 1617 777 1706 loquitur,
808 1621 1193 1700 „perfectam
1226 1620 1457 1683 faciunt
1487 1623 1928 1685 cantilenam.“
1995 1608 2274 1691 Aristidis
2306 1624 2446 1686 sunt
2478 1625 2670 1687 verba

475 1748 537 1811 p.
579 1726 681 1790 31.
726 1731 810 1789 ita
849 1729 1210 1793 scribentis:
1270 1724 1654 1814 ῥυθμίζεται
1697 1716 1767 1791 δὲ
1811 1730 1877 1792 έν
1915 1731 2191 1817 μουσικῇ
2251 1733 2488 1813 κίνησις
2540 1732 2663 1796 σοό-

471 1859 691 1915 ματος,
748 1838 1052 1927 μελῳδία,
1108 1839 1306 1916 λέξις,
1365 1888 1380 1904 .
1433 1883 1450 1901 .
1503 1884 1518 1900 .
1562 1842 1760 1905 ταῦτα
1802 1840 1872 1903 δὲ
1917 1836 2118 1902 πάντα
2155 1842 2507 1931 μιγνυμένα
2552 1835 2668 1930 τήν

477 1938 648 2034 ᾠδήν
693 1955 901 2033 ποιεῖ’,
943 1949 1137 2025 Quod
1187 1947 1415 2027 Graeci
1457 1950 1693 2025 τέλειον
1735 1952 1931 2028 μέλος
1970 1961 2215 2032 vocant,
2259 1951 2336 2014 de
2366 1959 2494 2036 quo,
2521 1952 2672 2012 Ari-

480 2058 665 2122 stides
714 2080 778 2141 p·
835 2055 934 2124 6.=
999 2053 1078 2120 τοὶ
1123 2057 1193 2121 δὲ
1238 2060 1383 2140 περὶ
1421 2058 1611 2136 μέλος
1658 2063 1891 2122 τέλειον
1948 2060 2381 2139 συμβαίνοντα
2428 2063 2668 2142 κίνησις

479 2166 690 2250 φωνῆς
734 2187 800 2227 τε
834 2163 955 2233 ,καί
986 2163 1316 2245 σώματος·
1360 2161 1453 2229 ἔτι
1501 2168 1569 2229 δὲ
1611 2168 1832 2251 χρόνοι
1874 2172 1984 2234 καί
2025 2171 2093 2232 ἐκ
2135 2163 2374 2233 ιοότων
2401 2163 2666 2254 ῥυθμοί.

478 2280 600 2344 Nisi
643 2281 814 2366 quod
857 2283 1042 2344 etiam
1087 2276 1456 2362 σωματικὴν
1511 2281 1753 2364 κίνησιν
1806 2286 2174 2368 seiungunt,
2203 2264 2469 2371 quippe
2511 2305 2672 2368 quae

480 2398 543 2453 et
582 2412 697 2474 per
733 2414 798 2455 se
845 2391 1056 2454 latiori
1109 2389 1383 2474 quodam
1429 2413 1569 2454 cum
1614 2404 1798 2454 cantu
1846 2396 2178 2458 coniuncta
2209 2394 2288 2473 sit
2320 2392 2529 2468 modo,
2557 2414 2669 2455 ne..

482 2521 604 2585 que
647 2503 832 2564 etiam
878 2524 990 2585 per
1030 2509 1191 2563 totos
1234 2502 1489 2563 musices
1535 2504 1683 2566 fines
1727 2503 2039 2582 adhibita,
2100 2505 2271 2566 velut
2316 2503 2375 2564 in
2422 2503 2520 2568 illa
2568 2502 2671 2587 ly-

479 2612 607 2673 rica
650 2612 842 2694 poe’si,
881 2633 1038 2694 quae
1080 2633 1208 2674 non
1260 2613 1405 2672 item
1451 2611 1724 2676 chorica.
1818 2616 2034 2698 itaque
2080 2636 2205 2675 non
2251 2613 2442 2674 modo
2474 2613 2667 2675 omit·

485 2721 642 2783 titur
686 2720 1003 2782 interdum
1051 2721 1238 2783 tertia
1300 2721 1400 2781 illa
1454 2743 1631 2802 pars,
1699 2723 1779 2782 ut'
1814 2745 1848 2782 a
1905 2719 2169 2784 Platone
2215 2721 2401 2802 Polit.
2447 2724 2553 2783 111.
2607 2742 2670 2801 p,

477 2828 619 2898 398,
664 2873 683 2890 ¹.
725 2873 742 2891 .
784 2871 799 2890 .
842 2871 857 2889 .
903 2825 971 2891 τὸ
1013 2829 1202 2906 μέλος
1250 2826 1317 2889 έκ
1360 2830 1556 2910 τριῶν
1599 2824 1735 2894 ἐστι’
1773 2824 2196 2914 συγκείμενον,
2240 2826 2427 2911 λόγου
2456 2850 2523 2891 τε
2564 2826 2676 2902 καὶ,

478 2935 784 3020 ἇρμονιάς
827 2935 937 3000 καί
972 2936 1264 3024 ῥυθμοῦ,
1324 2940 1430 3002 sed
1480 2941 1667 3001 etiam
1713 2942 1911 3022 ipsum
1958 2934 2026 3000 τὸ
2076 2937 2311 3000 τέλειον
2351 2942 2541 3018 μέλος
2582 2939 2668 3010 ita

479 3047 800 3116 definitum
853 3048 1215 3129 invenimus,
1272 3060 1343 3111 ut
1392 3049 1557 3110 nulla
1601 3039 2156 3111 saltationis‘ratio
2203 3047 2539 3125 habeatur,
2602 3056 2672 3110 ut

485 3158 561 3218 ab
621 3178 935 3240 anonymo
994 3157 1410 3219 Bellermanni
1469 3177 1536 3238 p.
1583 3152 1725 3216 46.:
1796 3154 2032 3216 τέλειον
2074 3153 2144 3216 δὲ
2181 3156 2369 3232 μέλος
2417 3149 2554 3220 ἐστι’
2597 3150 2670 3215 τό

478 3264 881 3344 συγκείμενον
937 3261 1004 3326 ἔκ
1054 3287 1119 3325 >rs
1177 3268 1395 3341 λέξεως
1437 3264 1549 3326 καί
1588 3264 1818 3342 μέλους
1860 3262 1970 3325 καί
2012 3262 2288 3348 ῥυθμοῦ.
2378 3266 2672 3326 Ceterum

480 3400 557 3440 ne
602 3380 737 3463 quis
788 3388 960 3441 erret
1005 3379 1332 3444 Aristidem
1377 3380 1464 3439 sie
1513 3378 1763 3439 audiens
1808 3376 2133 3437 docentem
2179 3397 2243 3455 p.
2292 3360 2458 3435 322'
2503 3371 2676 3432 διαι-

480 3494 684 3569 ρεῖται
731 3485 802 3548 δὲ
837 3482 869 3547 ό
900 3484 1156 3571 ῥυθμὸς
1205 3487 1272 3549 έν
1316 3487 1434 3567 μὲν
1474 3487 1644 3562 ’λέξει
1691 3488 1832 3551 ταῖς
1872 3483 2240 3560 συλλαβαῖς,
2292 3480 2359 3544 έν
2387 3478 2458 3541 δὲ
2495 3479 2674 3559 μέλει

477 3603 610 3670 τοῖς
653 3594 861 3679 λόγοις
905 3586 1320 3677 τῶννᾶρσεων
1367 3594 1525 3673 πρός
1569 3587 1681 3664 τοὶς
1728 3591 1972 3670 θέσεις,
2037 3590 2104 3653 έν
2145 3588 2215 3650 δὲ
2261 3581 2500 3670 κινήσει
2542 3593 2672 3659 τοῖς

478 3725 543 3769 τε
586 3704 877 3788 σχήμασι
922 3728 979 3769 κ.
1023 3728 1078 3767 τ.
1127 3711 1201 3787 λ,,
1261 3726 1528 3789 eumque
1582 3698 1732 3775 τούς
1792 3700 2009 3783 λόγους
2054 3692 2467 3781 τῶνόίρσεων
2514 3692 2672 3777 πρός
2720 3721 2730 3728 ·

481 3808 594 3888 τοῖς
633 3815 843 3890 θέσεις
890 3836 1106 3877 errore
1163 3807 1468 3895 φθόγγοις
1532 3812 1647 3871 iliis
1711 3809 1773 3873 et
1829 3804 2254 3893 διαστήμασιν
2314 3807 2674 3870 Aristoxeni

478 3926 869 4007 supposuisse
916 3924 1302 3996 arbitretur,
1362 3921 1554 3982 verbo
1608 3920 2006 3999 monendum,
2056 3919 2384 3981 Aristidem
2437 3939 2556 3978 non
2599 3916 2676 3979 de

484 4041 775 4117 tempore
819 4032 1014 4116 ioqui,
1063 4031 1166 4093 sed
1213 4032 1289 4093 de
1333 4030 1659 4115 rhytme,
1687 4054 1872 4115 quem
1916 4043 2087 4094 recte
2128 4032 2188 4090 in
2234 4011 2523 4090 oratione
2552 4028 2676 4110 syl-

482 4152 673 4229 labis,
743 4153 803 4212 in
867 4158 1052 4211 cantu
1117 4148 1348 4209 mutuis
1409 4148 1642 4212 arsiam
1709 4144 2099 4226 thesiumque
2160 4140 2514 4203 rationibus
2572 4138 2674 4199 di-

485 4260 614 4330 ‘vidi
664 4263 769 4320 ait.

681 4367 773 4433 Ut
811 4370 890 4432 ad
937 4370 1336 4454 propositum
1364 4368 1735 4438 ,orationem
1801 4360 2094 4426 reducam
2141 4382 2382 4427 meamz
2428 4357 2677 4422 Aristo-
