2950 4900
486 1209 578 1270 De
618 1205 966 1291 rhythmica
1015 1207 1406 1269 Graecorum
1452 1211 1590 1265 arte
1615 1223 1812 1287 quum
1845 1222 1971 1262 non
2004 1200 2334 1263 mediocris
2360 1223 2503 1264 sane

323 1317 679 1379 etiamnunc
729 1316 894 1377 inter
935 1315 1102 1376 viros
1148 1312 1365 1374 doctos
1403 1313 1609 1395 vigeat
1651 1311 1960 1388 dissensiO,
2012 1332 2346 1375 recurrere
2389 1312 2504 1373 ite-

323 1448 463 1487 rum
508 1431 863 1507 iterumque
905 1424 982 1484 ad
1029 1423 1416 1506 gravissimos
1467 1432 1527 1483 et
1573 1420 1934 1503 purissimos
1978 1420 2156 1483 huius
2184 1421 2508 1482 doctrinae

319 1537 518 1597 fontes
562 1555 794 1618 eosque
838 1531 1168 1596 exhaurire
1210 1554 1397 1617 quam
1430 1529 1911 1614 diligentissime,
1950 1551 2087 1592 meo
2116 1530 2367 1614 quidem
2401 1531 2491 1592 iu-

321 1644 486 1707 dicio
533 1644 794 1706 maxime
838 1653 927 1705 est
971 1642 1397 1724 necessarium,
1463 1641 1832 1722 praesertim
1876 1662 2069 1723 quum
2115 1639 2355 1704 diversa
2402 1641 2504 1702 illa

316 1764 505 1839 atque
555 1753 709 1816 adeo
752 1728 1077 1815 contraria
1124 1752 1406 1813 virorum
1446 1750 1787 1811 doctorum
1816 1749 1891 1811 de
1922 1749 2104 1811 rebus
2132 1750 2500 1835 rhythmicis

318 1862 572 1929 decreta
606 1864 669 1924 in
715 1863 963 1924 summis
1009 1862 1271 1923 maxime
1320 1869 1648 1927 versentur
1687 1858 2031 1942 principiis,
2071 1882 2105 1921 e
2146 1861 2369 1943 quibus
2402 1882 2501 1923 re-

313 1971 482 2054 liqua
525 1969 833 2054 pendeant
899 1969 1125 2031 omnia.
1209 1967 1462 2029 Eminet
1516 1977 1723 2029 autem
1780 1965 2072 2051 lucetque
2129 1990 2283 2030 unus
2335 1971 2501 2032 inter

319 2099 531 2141 omnes
572 2100 845 2162 qnorum
890 2080 1124 2161 scripta
1171 2077 1347 2139 nobis
1389 2085 1632 2139 servata
1662 2084 1806 2138 sunt
1836 2087 2115 2140 veterum
2154 2078 2232 2141 de
2273 2078 2506 2163 rhyth-

317 2189 475 2250 mica
523 2200 660 2251 arte
700 2189 1037 2272 scriptores
1084 2199 1146 2251 et
1206 2196 1407 2250 aetate
1449 2195 1513 2252 et
1571 2187 1978 2265 auctoritate,
2039 2189 2276 2272 quippe
2325 2212 2510 2274 quem

317 2300 452 2382 ipsa
498 2299 835 2382 antiquitas
873 2320 1180 2362 summum
1222 2320 1464 2381 semper
1490 2297 1752 2360 haberet
1791 2299 2010 2359 harum
2044 2320 2252 2361 rerum
2284 2313 2506 2362 aucto..

317 2432 473 2488 rem,
520 2410 917 2473 Aristoxenus
967 2412 1253 2472 musicus.
1313 2408 1441 2487 Qui
1473 2430 1634 2493 quae
1669 2407 1865 2472 literis
1907 2406 2170 2472 tradidit
2196 2419 2501 2490 sexcenta,

317 2529 387 2581 ut
434 2519 520 2580 ita
563 2518 784 2600 dicam,
826 2519 1087 2602 scripta,
1135 2542 1207 2580 ea
1247 2517 1529 2600 abripuit
1576 2517 1828 2600 quidem
1873 2519 2049 2580 nobis
2076 2518 2304 2580 iniuria
2345 2532 2501 2582 tem-

317 2650 543 2712 porum
590 2651 789 2711 paene
836 2629 1068 2706 omnia,
1117 2628 1202 2688 ita
1247 2628 1526 2711 quidem,
1577 2635 1649 2687 ut
1694 2626 2193 2711 rhythmicorum
2237 2652 2502 2713 operum

318 2738 473 2801 nihil
512 2740 623 2801 nisi
669 2760 866 2822 pauca
915 2738 1091 2800 nobis
1119 2738 1492 2800 concesserit
1530 2736 1696 2814 folia,
1745 2746 1810 2798 at
1855 2737 1956 2799 illa
2005 2738 2132 2821 ipsa
2177 2740 2507 2806 doctrinae

319 2848 710 2932 rhythmicae
754 2848 1054 2912 elementa
1098 2847 1505 2925 illustrantia,
1566 2870 1600 2909 e
1647 2867 1920 2930 quorum
1966 2850 2144 2911 vario
2192 2872 2265 2913 ac
2308 2855 2506 2915 vacil-

314 2960 483 3020 lante
534 2958 854 3022 intellectu
900 2959 1021 3020 dici
1068 2979 1192 3020 non
1234 2966 1441 3042 potest
1482 2966 1750 3041 quantus
1794 2961 2183 3023 succreverit
2212 2983 2505 3026 errorum

317 3089 630 3130 numerus.
702 3070 918 3151 ltaque
963 3068 1141 3130 huius
1186 3066 1390 3130 eximii
1417 3068 1689 3130 auctoris
1723 3089 1885 3152 quae
1915 3082 2248 3151 supersunt
2280 3070 2504 3156 rhyth-

316 3177 480 3239 mica
526 3179 901 3261 fragmenta,
968 3201 1004 3238 a
1050 3178 1395 3240 Feussnero
1454 3178 1600 3239 licet
1651 3189 1794 3260 post
1855 3178 2128 3261 primum
2193 3180 2502 3245 editorem

312 3295 565 3349 strenue
609 3295 673 3350 et
711 3286 1036 3348 emendata
1079 3298 1143 3349 et
1185 3287 1511 3370 explicata,
1554 3286 1759 3349 denuo
1789 3289 2148 3352 recensendi
2193 3300 2258 3353 et
2304 3292 2501 3356 inter-

316 3397 612 3480 pretandi
659 3395 1007 3478 periculum
1053 3417 1173 3456 non
1232 3415 1761 3478 supervacaneum
1805 3398 1957 3459 mihi
2004 3399 2202 3464 visum
2248 3411 2338 3463 est
2373 3425 2505 3466 sus·

318 3507 551 3587 cipere.
639 3511 727 3568 Ac
766 3507 1041 3588 primum
1084 3504 1149 3566 in
1196 3504 1335 3587 ipsis
1383 3506 1726 3568 Aristoxeni
1770 3508 1970 3570 verbis
2002 3532 2162 3593 quae
2193 3510 2503 3577 Feussneri

319 3637 473 3677 cura
523 3615 868 3698 reliquerat
913 3613 1302 3698 corrigenda,
1345 3625 1604 3677 conatus
1660 3637 1793 3677 sum
1850 3617 2211 3694 emendare;
2268 3632 2503 3687 restare

314 3726 476 3787 euim
520 3724 898 3787 videbantur
962 3724 1148 3786 etiam
1211 3724 1529 3808 graviores
1586 3724 1687 3787 hic
1730 3725 1851 3788 illic
1908 3748 2178 3792 errores.
2261 3734 2505 3798 Deinde

316 3834 831 3896 commentarium
874 3845 1182 3916 perpetua
1227 3834 1567 3918 conscripsi
1613 3836 1927 3914 oratione,
1982 3840 2041 3899 in
2088 3842 2214 3924 quo
2258 3864 2504 3928 propo..

311 3945 499 4007 situm
541 3944 691 4005 mihi
735 3943 848 4005 fuit
893 3952 956 4006 et
1001 3944 1354 4007 Aristoxeni
1398 3945 1735 4008 sententias
1779 3949 2078 4011 continue
2110 3961 2173 4013 et
2210 3967 2503 4018 accurate

314 4053 659 4134 enucleare,
722 4061 786 4115 et
825 4052 875 4114 si
920 4075 1042 4136 qua
1086 4055 1147 4114 in
1193 4053 1311 4115 alio
1366 4064 1649 4117 veterum
1694 4055 1772 4118 de
1809 4055 2100 4120 doctrina
2148 4060 2503 4146 rhythmica

309 4159 619 4242 scriptore
660 4160 1029 4243 legebantur
1068 4161 1144 4222 ad
1192 4163 1352 4224 idem
1396 4176 1830 4244 argumentum
1863 4166 2199 4248 tendentia,
2244 4193 2498 4256 compa-

312 4291 476 4347 rare,
514 4290 548 4330 a
583 4267 964 4354 mendisque,
991 4270 1095 4332 ubi
1124 4283 1431 4354 corrupta
1466 4271 1853 4352 videbantur,
1899 4298 2186 4361 purgare,
2230 4281 2495 4367 denique

312 4402 473 4470 quae
498 4380 689 4445 hodie
725 4380 788 4442 in
819 4384 1070 4446 summis
1110 4382 1439 4448 doctrinae
1483 4384 1875 4471 rhythmicae
1912 4389 2330 4472 scriptoribus
2372 4397 2496 4457 sin·-

2056 4511 2088 4578 1
